%% This BibTeX bibliography file was created using BibDesk.
%% http://bibdesk.sourceforge.net/

%% Created for Joe at 2018-10-05 19:52:13 +0800 


%% Saved with string encoding Unicode (UTF-8) 


@inproceedings{pix2pix,
  title={Image-to-image translation with conditional adversarial networks},
  author={JP.Isola and J.-Y. Zhu and T.Zhou  and A. A. Efros},
  booktitle={CVPR},
  year={2017},
}

@inproceedings{Cyclegan,
  title={Unpaired image-to-image translation using cycle- consistent adversarial networks},
  author={Jun-Yan Zhu and Taesung and Park Phillip Isola and Alexei A. Efros.},
  booktitle={CVPR},
  year={2017},
}

@inproceedings{cGAN,
  title={CariGANs:Unpaired Photo-to-Caricature Translation},
  author={Kaidi Cao and Jing Liao and Lu Yuan},
  booktitle={SIGGRAPH Asia 2018},
  year={2018},
}

@inproceedings{GAN,
  title={Generative adversarial nets},
  author={I.Goodfellow and J. Pouget-Abadie and M. Mirza and  B. Xu and D. Warde-Farley and S. Ozair and A. Courville and Y. Ben- gio},
  booktitle={NIPS},
  year={2014},
}

@inproceedings{GAN1,
  title={Energy-based generative adversarial network.},
  author={J. Zhao and M. Mathieu and Y. LeCun},
  booktitle={ICLR,},
  year={2017},
}

@inproceedings{imagegen,
  title={Deep gen- erative image models using a laplacian pyramid of ad- versarial networks},
  author={E. L. Denton and S. Chintala and R. Fergus and et a},
  booktitle={NIPS,},
  year={2015},
}

@inproceedings{imagegen1,
  title={Unsupervised representation learning with deep convolutional gen- erative adversarial networks.},
  author={A. Radford and L. Metz and S. Chintala},
  booktitle={ICLR},
  year={2016},
}

@inproceedings{imgaeedi,
  title={Generative visual manipulation on the natural image manifold},
  author={J.-Y. Zhu and P. Kra ̈henbu ̈hl and E. Shechtman and A. A. Efros.},
  booktitle={ECCV},
  year={2016},
}

@inproceedings{replearn,
  title={Improved techniques for training GANs.},
  author={T. Salimans and I. Goodfellow and W. Zaremba and V. Cheung and A. Radford  and X. Chen.},
  booktitle={NIPS},
  year={2016},
}

@inproceedings{CNN,
  title={Fully convolu- tional networks for semantic segmentation.},
  author={J. Long and E. Shelhamer and and T. Darrell},
  booktitle={CVPR},
  year={2015},
}

@inproceedings{texmodel,
  title={Texture synthesis by non-parametric sampling},
  author={A. A. Efros and T. K. Leung},
  booktitle={ICCV},
  year={1999},
}

@inproceedings{Isola,
  title={Image- to-image translation with conditional adversarial net- works.},
  author={P. Isola and J.-Y. Zhu and T. Zhou and A. A. Efros},
  booktitle={CVPR},
  year={2017},
}

@inproceedings{CoGAN,
  title={Coupled generative adversar- ial networks.},
  author={M.-Y. Liu and O. Tuzel.},
  booktitle={NIPS},
  year={2016},
}

@inproceedings{SimGAN,
  title={Learning from simulated and unsupervised images through adversarial training},
  author={A. Shrivastava and T. Pfister and O. Tuzel and J. Susskind and W. Wang and R. Webb.},
  booktitle={CVPR},
  year={2017},
}