
@misc{Authors14,
 author = {Authors},
 title = {The frobnicatable foo filter},
 note = {Face and Gesture  submission ID 324. Supplied as additional material {\tt fg324.pdf}},
 year = 2014
}

@misc{Authors14b,
 author = {Authors},
 title = {Frobnication tutorial},
 note = {Supplied as additional material {\tt tr.pdf}},
 year = 2014
}

@article{Alpher02,
author = {FirstName Alpher},
title = {Frobnication},
journal = {Journal of Foo},
volume = 12, 
number = 1, 
pages = {234--778}, 
year = 2002
}

@article{texmodel,
  title={Texture synthesis by non-parametric sampling},
  author={A. A. Efros and T. K. Leung},
  booktitle={ICCV},
  year={1999},
}


@article{Alpher03,
author = {FirstName Alpher and  FirstName Fotheringham-Smythe},
title = {Frobnication revisited},
journal = {Journal of Foo},
volume = 13, 
number = 1, 
pages = {234--778}, 
year = 2003
}

@article{Alpher04,
author = {FirstName Alpher and FirstName Fotheringham-Smythe and FirstName Gamow},
title = {Can a machine frobnicate?},
journal = {Journal of Foo},
volume = 14, 
number = 1, 
pages = {234--778}, 
year = 2004
}

@article{CycleGAN,
author = {Jun-Yan  Zhu and Taesung and Park Phillip Isola and Alexei A. Efros},
title = {Unpaired Image-to-Image Translation using Cycle-Consistent Adversarial Networks},
journal = { CVPR },
year = 2017
}

@article{pix2pix,
author = {JP. Isola  and J.-Y. Zhu  and T.Zhou  and A. A. Efros},
title = {Image- to-image translation with conditional adversarial net- works.},
journal = { CVPR},
year = 2017
}

@article{CycleConsistencyLoss,
author = {T. Zhou and P. Krahenbuhl  and M. Aubry and Q. Huang  and A. A. Efros},
title = {Learning dense correspondence via 3d- guided cycle consistency.},
journal = { CVPR},
year = 2016
}

@article{GAN,
author = {I. Goodfellow and J. Pouget-Abadie and M. Mirza, B. Xu and D. Warde-Farley and S. Ozair and A. Courville and Y. Ben-gio },
title = {Generative adversarial nets.},
journal = { NIPS},
year = 2014
}

@article{GAN1,
 title={Energy-based generative adversarial network.},
 author={J. Zhao and M. Mathieu and Y. LeCun},
journal = { ICLR},
year = 2017
}


@article{imagegen,
  title={Deep gen- erative image models using a laplacian pyramid of ad- versarial networks},
  author={E. L. Denton and S. Chintala and R. Fergus and et a},
  journal={NIPS,},
  year={2015},
}

@article{imagegen1,
  title={Unsupervised representation learning with deep convolutional gen- erative adversarial networks.},
  author={A. Radford and L. Metz and S. Chintala},
  journal={ICLR},
  year={2016},
}



@article{imgaeedi,
  title={Generative visual manipulation on the natural image manifold},
  author={J.-Y. Zhu and P. Kra ̈henbu ̈hl and E. Shechtman and A. A. Efros.},
  journal={ECCV},
  year={2016},
}

@article{replearn,
  title={Improved techniques for training GANs.},
  author={T. Salimans and I. Goodfellow and W. Zaremba and V. Cheung and A. Radford  and X. Chen.},
  booktitle={NIPS},
  year={2016},
}

@article{CNN,
  title={Fully convolu- tional networks for semantic segmentation.},
  author={J. Long and E. Shelhamer and and T. Darrell},
  booktitle={CVPR},
  year={2015},
}


@article{Isola,
  title={Image- to-image translation with conditional adversarial net- works.},
  author={P. Isola and J.-Y. Zhu and T. Zhou and A. A. Efros},
  booktitle={CVPR},
  year={2017},
}

@article{CoGAN,
  title={Coupled generative adversar- ial networks.},
  author={M.-Y. Liu and O. Tuzel.},
  booktitle={NIPS},
  year={2016},
}

@article{SimGAN,
  title={Learning from simulated and unsupervised images through adversarial training},
  author={A. Shrivastava and T. Pfister and O. Tuzel and J. Susskind and W. Wang and R. Webb.},
  booktitle={CVPR},
  year={2017},
}


